<record><leader>00000cas a22000007a 4500</leader><controlfield tag="001">26287593</controlfield><controlfield tag="008">920730c19uu9999wiuwr ne      0   a0eng d</controlfield><datafield ind1=" " ind2=" " tag="010"><subfield code="a">sn 92003400 </subfield></datafield><datafield ind1=" " ind2=" " tag="040"><subfield code="a">NSD</subfield><subfield code="b">eng</subfield><subfield code="c">NSD</subfield><subfield code="d">NVF</subfield><subfield code="d">OCLCQ</subfield></datafield><datafield ind1=" " ind2=" " tag="012"><subfield code="m">y</subfield></datafield><datafield ind1="1" ind2=" " tag="022"><subfield code="a">1064-4539</subfield><subfield code="l">1064-4539</subfield><subfield code="y">0899-7616</subfield><subfield code="2">1</subfield></datafield><datafield ind1=" " ind2=" " tag="032"><subfield code="a">151780</subfield><subfield code="b">USPS</subfield></datafield><datafield ind1=" " ind2=" " tag="037"><subfield code="b">The Delavan Enterprise, Inc., 1436 Mound Rd., Delavan, WI 53115</subfield></datafield><datafield ind1=" " ind2=" " tag="042"><subfield code="a">nsdp</subfield><subfield code="a">msc</subfield></datafield><datafield ind1="0" ind2=" " tag="130"><subfield code="a">Delavan enterprise (Delavan, Wis. : 1992)</subfield></datafield><datafield ind1=" " ind2="4" tag="222"><subfield code="a">The Delavan enterprise</subfield><subfield code="b">(1992)</subfield></datafield><datafield ind1="1" ind2="4" tag="245"><subfield code="a">The Delavan enterprise.</subfield></datafield><datafield ind1=" " ind2=" " tag="260"><subfield code="a">Delavan, Wisc. :</subfield><subfield code="b">Delavan Enterprise, Inc.</subfield></datafield><datafield ind1=" " ind2=" " tag="300"><subfield code="a">v.</subfield></datafield><datafield ind1=" " ind2=" " tag="310"><subfield code="a">Weekly</subfield></datafield><datafield ind1=" " ind2=" " tag="588"><subfield code="a">Description based on: 134 years, no. 28 (July 8, 1992).</subfield></datafield><datafield ind1=" " ind2=" " tag="752"><subfield code="a">United States</subfield><subfield code="b">Wisconsin</subfield><subfield code="c">Walworth</subfield><subfield code="d">Delavan.</subfield></datafield><datafield ind1="0" ind2="0" tag="780"><subfield code="t">Delavan enterprise and the Delavan Republican</subfield><subfield code="x">0899-7616</subfield><subfield code="w">(DLC)sn 87082050</subfield><subfield code="w">(OCoLC)15112060</subfield></datafield><datafield ind1="1" ind2=" " tag="029"><subfield code="a">AU@</subfield><subfield code="b">000020706011</subfield></datafield></record>